<?xml version="1.0" encoding="UTF-8"?><collection xmlns="http://www.loc.gov/MARC21/slim"><record><leader>00410nam--2200145-i-4500</leader><controlfield tag="001">000019411</controlfield><controlfield tag="002">20161230</controlfield><controlfield tag="005">20161230201033</controlfield><controlfield tag="008">060222s1000------------r-----000-0-eng-d</controlfield><datafield ind1=" " ind2=" " tag="080"><subfield code="a">5</subfield></datafield><datafield ind1=" " ind2=" " tag="100"><subfield code="a">Dubos, Rene., Barbara Ward</subfield></datafield><datafield ind1=" " ind2=" " tag="245"><subfield code="a">Only one earth.the care and maintenance of a small planet</subfield></datafield><datafield ind1=" " ind2=" " tag="260"><subfield code="a">Harmondsworth, Penguin Books, 1972. 304 P</subfield></datafield><datafield ind1=" " ind2=" " tag="490"><subfield code="a">Pelican Books, Only One Earth</subfield></datafield><datafield ind1=" " ind2=" " tag="852"><subfield code="a">37612</subfield></datafield></record></collection>